@preamble{" \newcommand{\noop}[1]{} "}

@article{vandam2019syntax,
  title={The Syntax of Intensifiers in Muishaung},
  author={{van Dam}, Kellen Parker},
  journal={Linguistics of the Tibeto-Burman Area},
  year={\noop{3002}forthcoming}},
  volume={100},
  number={1},
  pages={1-10},
  publisher={John Benjamins}
}

@article{morey2018verbstemalternation,
	Author = {Morey, {Stephen}},
	Title = {Verb stem alternation in Pangwa Tangsa},
	Address = {Canberra},
	Date = {2018},
	Editor = {Konnerth, {Linda} and {Morey, {Stephen D}} and Teo, {Amos}},
	Journal = {North East Indian Linguistics},
	Publisher = {Australian National University: Asia-Pacific Linguistics Open Access},
	Volume = {8}}

@book{anderson2007munda,
	author = {Anderson, Gregory D. S.},
	year = {2007},
	title = {The Munda Verb},
	address = {Berlin},
	publisher = {Mouton de Gruyter}
}

@inproceedings{delancey2002bodic,
	author = {DeLancey, Scott},
	title = {Relativization and nominalization in Bodic},
	crossref = {bls28},
}

@proceedings{bls28,
	title = {Proceedings of the 28th Annual Meeting of the Berkeley Linguistics Society: Special Session on Tibeto-Burman and Southeast Asian Linguistics in Honor of Prof. James A. Matisoff. Berkeley},
	booktitle = {Proceedings of the 28th Annual Meeting of the Berkeley Linguistics Society: Special Session on Tibeto-Burman and Southeast Asian Linguistics in Honor of Prof. James A. Matisoff. Berkeley},
	venue = {Berkeley, CA},
	month = feb,
	year = {2002},
	publisher = {Berkeley Linguistics Society}
}

@article{haokip2012thadou,
	author = {Haokip, Pauthang},
	year = {2012},
	title = {Negation in Thadou},
	journal = {Himalayan Linguistics},
	volume = {11},
	number = {2},
	pages = {1-20}
}

@article{peterson1998lai,
	author = {Peterson, David A},
	year = {1998},
	title = {The morphosyntax of transitivization in Lai (Haka Chin)},
	journal = {Linguistics of the Tibeto-Burman Area},
	volume = {21},
	pages = {87–153}
}

@inbook{peterson2003lai,
	author = {Peterson, David A},
	year = {2003},
	title = {Hakha Lai},
	booktitle = {The Sino-Tibetan Languages},
	editor = {Thurgood, Graham and LaPolla, Randy J.},
	journal = {Linguistics of the Tibeto-Burman Area},
	volume = {21},
	publisher = {Routledge},
	address = {London},
	pages = {409–426}
}

@unpublished{hyslop2010kurtop,
	author = {Hyslop, Gwendolyn},
	year = {2010},
	title = {Mirativity in Kurtöp},
	address = {Eugene, OR},
	publisher = {University of Oregon},
	note = {Unpublished manuscript}
}

@phdthesis{hyslop2011kurtop,
	author = {Hyslop, Gwendolyn},
	year = {2011},
	title = {A Grammar of Kurtöp},
	school = {Department of Linguistics, University of Oregon},
	address = {Eugene, OR}
}

@book{morey2008neil,
	editor = {Morey, {Stephen} and Post, {Mark}},
	title = {North East Indian Linguistics},
	address = {New Delhi},
	publisher = {Cambridge University Press India},
	year = {2008}
}

@misc{post2008tani,
	author = {Post, {Mark}},
	title = {Topographical deixis in Tani and beyond},
	year = {2008},
	address = {Guwahati, Assam, India},
	month = jan,
	publisher = {Gauhati University},
	note = {Paper presented at the 3rd International Conference of the North East Indian Linguistics Society}
}

@online{sadokpam2008meetei,
	author = {Sadokpam, Dhiren},
	title = {History of Meetei Mayek},
	year = {2008},
	url = {http//www.e-pao.net},
	urldate = {2008-08-12}
}